@misc{inovex,
    note = {Official inovex GmbH Website},
    year = 2020,
    url = {https://www.inovex.de/en/},
    urldate = {2020-03-03},
}
 
@misc{forbes-iot,
    note = {Forbes - A Simple Explanation Of 'The Internet Of Things'},
    year = 2014,
    url = {https://www.forbes.com/sites/jacobmorgan/2014/05/13/simple-explanation-internet-things-that-anyone-can-understand/#46abb6681d09},
    urldate = {2020-03-03},
}
 
@misc{kiwi-sb,
    note = {Kiwi - Smart Building},
    year = 2020,
    url = {https://kiwi.ki/lexikon/smart-building/},
    urldate = {2020-03-03},
}

@misc{mender,
    note = {mender.io},
    year = 2020,
    url = {https://mender.io/},
    urldate = {2020-03-03},
}
@misc{mender-github,
    note = {Github - Mender},
    year = 2020,
    url = {https://github.com/mendersoftware/mender},
    urldate = {2020-03-03},
}
@misc{microservicesio,
    note = {microservices.io},
    year = 2020,
    url = {https://microservices.io/},
    urldate = {2020-08-10},
}
@misc{docker-compose,
    note = {Docker Compose Website},
    year = 2020,
    url = {https://docs.docker.com/compose/},
    urldate = {2020-08-10},
}
@misc{yoctoproject,
    note = {Yocto Project},
    year = 2020,
    url = {https://www.yoctoproject.org/},
    urldate = {2020-08-10},
}
@misc{azuremongodbatlas,
    note = {MongoDB Atlas Azure},
    year = 2020,
    url = {https://azuremarketplace.microsoft.com/en-us/marketplace/apps/mongodb.mongodb_atlas_may_2020},
    urldate = {2020-08-10},
}
@misc{k8s,
    note = {Kubernetes},
    year = 2020,
    url = {https://kubernetes.io/},
    urldate = {2020-08-10},
}
@misc{asus-tinkerboard,
    note = {Asus Tinkerboard},
    year = 2020,
    url = {https://www.asus.com/us/Single-Board-Computer/Tinker-Board/},
    urldate = {2020-08-10},
}
@misc{asus-mender-yocto,
    note = {Asus Tinkerboard Yocto Mender Tutorial},
    year = 2020,
    url = {https://hub.mender.io/t/asus-tinker-board/45},
    urldate = {2020-08-10},
}
@misc{intel-mender-yocto,
    note = {Intel NUC Yocto Mender Tutorial},
    year = 2020,
    url = {https://hub.mender.io/t/intel-nuc/308},
    urldate = {2020-08-10},
}

@misc{github-meta-rockchip,
    note = {meta-rockchip Tinkerboard Layer},
    year = 2020,
    url = {https://git.yoctoproject.org/cgit/cgit.cgi/meta-rockchip},
    urldate = {2020-08-10},
}
